@techreport{nakamoto2019bitcoin,
  title={Bitcoin: A peer-to-peer electronic cash system},
  author={Nakamoto, Satoshi},
  year={2019},
  institution={Manubot}
}

@misc{wiki:List_of_cryptocurrencies,
   author = "Wikipedia",
   title = "{List of cryptocurrencies} --- {W}ikipedia{,} The Free Encyclopedia",
   year = "2020",
   howpublished = {\url{http://en.wikipedia.org/w/index.php?title=List\%20of\%20cryptocurrencies&oldid=975908929}},
   note = "[Online; accessed 01-September-2020]"
 }

 @article{schneider1990implementing,
  title={Implementing fault-tolerant services using the state machine approach: A tutorial},
  author={Schneider, Fred B},
  journal={ACM Computing Surveys (CSUR)},
  volume={22},
  number={4},
  pages={299--319},
  year={1990},
  publisher={ACM New York, NY, USA}
}

@article{hearn2016corda,
  title={Corda: A distributed ledger},
  author={Hearn, Mike},
  journal={Corda Technical White Paper},
  volume={2016},
  year={2016}
}

@inproceedings{androulaki2018hyperledger,
  title={Hyperledger fabric: a distributed operating system for permissioned blockchains},
  author={Androulaki, Elli and Barger, Artem and Bortnikov, Vita and Cachin, Christian and Christidis, Konstantinos and De Caro, Angelo and Enyeart, David and Ferris, Christopher and Laventman, Gennady and Manevich, Yacov and others},
  booktitle={Proceedings of the thirteenth EuroSys conference},
  pages={1--15},
  year={2018}
}

@misc{fsharp,
  title = {FabricSharp},
  howpublished = {\url{https://github.com/ooibc88/FabricSharp}},
  note = {Accessed: 2020-09-2}
}

@inproceedings{androulaki2018channels,
  title={Channels: Horizontal scaling and confidentiality on permissioned blockchains},
  author={Androulaki, Elli and Cachin, Christian and De Caro, Angelo and Kokoris-Kogias, Eleftherios},
  booktitle={European Symposium on Research in Computer Security},
  pages={111--131},
  year={2018},
  organization={Springer}
}

@inproceedings{herlihy2018atomic,
  title={Atomic cross-chain swaps},
  author={Herlihy, Maurice},
  booktitle={Proceedings of the 2018 ACM symposium on principles of distributed computing},
  pages={245--254},
  year={2018}
}

@article{robinson2019atomic,
  title={Atomic crosschain transactions for ethereum private sidechains},
  author={Robinson, Peter and Hyland-Wood, David and Saltini, Roberto and Johnson, Sandra and Brainard, John},
  journal={arXiv preprint arXiv:1904.12079},
  year={2019}
}

@article{zakhary2019atomic,
  title={Atomic commitment across blockchains},
  author={Zakhary, Victor and Agrawal, Divyakant and Abbadi, Amr El},
  journal={arXiv preprint arXiv:1905.02847},
  year={2019}
}

@misc{interledger,
  title = {interledger},
  howpublished = {\url{https://interledger.org/}},
  note = {Accessed: 2020-09-02}
}


@inproceedings{arasu2017concerto,
  title={Concerto: A high concurrency key-value store with integrity},
  author={Arasu, Arvind and Eguro, Ken and Kaushik, Raghav and Kossmann, Donald and Meng, Pingfan and Pandey, Vineet and Ramamurthy, Ravi},
  booktitle={Proceedings of the 2017 ACM International Conference on Management of Data},
  pages={251--266},
  year={2017}
}


@misc{qldb,
  title = {Amazon Quantum Ledger Database},
  howpublished = {\url{https://aws.amazon.com/qldb/}},
  note = {Accessed: 2020-09-2}
}

@article{lu2019blockchain,
  title={Blockchain and federated learning for privacy-preserved data sharing in industrial IoT},
  author={Lu, Yunlong and Huang, Xiaohong and Dai, Yueyue and Maharjan, Sabita and Zhang, Yan},
  journal={IEEE Transactions on Industrial Informatics},
  volume={16},
  number={6},
  pages={4177--4186},
  year={2019},
  publisher={IEEE}
}

@article{kim2019blockchained,
  title={Blockchained on-device federated learning},
  author={Kim, Hyesung and Park, Jihong and Bennis, Mehdi and Kim, Seong-Lyun},
  journal={IEEE Communications Letters},
  volume={24},
  number={6},
  pages={1279--1283},
  year={2019},
  publisher={IEEE}
}

@inproceedings{awan2019poster,
  title={Poster: A reliable and accountable privacy-preserving federated learning framework using the blockchain},
  author={Awan, Sana and Li, Fengjun and Luo, Bo and Liu, Mei},
  booktitle={Proceedings of the 2019 ACM SIGSAC Conference on Computer and Communications Security},
  pages={2561--2563},
  year={2019}
}

@inproceedings{dinh2017blockbench,
  title={Blockbench: A framework for analyzing private blockchains},
  author={Dinh, Tien Tuan Anh and Wang, Ji and Chen, Gang and Liu, Rui and Ooi, Beng Chin and Tan, Kian-Lee},
  booktitle={Proceedings of the 2017 ACM International Conference on Management of Data},
  pages={1085--1100},
  year={2017}
}


@article{zhang2020spitz,
  title={Spitz: A Verifiable Database System},
  author={Zhang, Meihui and Xie, Zhongle and Yue, Cong and Zhong, Ziyue},
  journal={arXiv preprint arXiv:2008.09268},
  year={2020}
}

@article{fleder2015bitcoin,
  title={Bitcoin transaction graph analysis},
  author={Fleder, Michael and Kester, Michael S and Pillai, Sudeep},
  journal={arXiv preprint arXiv:1502.01657},
  year={2015}
}

@inproceedings{ron2013quantitative,
  title={Quantitative analysis of the full bitcoin transaction graph},
  author={Ron, Dorit and Shamir, Adi},
  booktitle={International Conference on Financial Cryptography and Data Security},
  pages={6--24},
  year={2013},
  organization={Springer}
}

@article{ober2013structure,
  title={Structure and anonymity of the bitcoin transaction graph},
  author={Ober, Micha and Katzenbeisser, Stefan and Hamacher, Kay},
  journal={Future internet},
  volume={5},
  number={2},
  pages={237--250},
  year={2013},
  publisher={Multidisciplinary Digital Publishing Institute}
}

@article{weber2019anti,
  title={Anti-money laundering in bitcoin: Experimenting with graph convolutional networks for financial forensics},
  author={Weber, Mark and Domeniconi, Giacomo and Chen, Jie and Weidele, Daniel Karl I and Bellei, Claudio and Robinson, Tom and Leiserson, Charles E},
  journal={arXiv preprint arXiv:1908.02591},
  year={2019}
}

@inproceedings{gaihre2018bitcoin,
  title={Do bitcoin users really care about anonymity? an analysis of the bitcoin transaction graph},
  author={Gaihre, Anil and Luo, Yan and Liu, Hang},
  booktitle={2018 IEEE International Conference on Big Data (Big Data)},
  pages={1198--1207},
  year={2018},
  organization={IEEE}
}

@article{greaves2015using,
  title={Using the bitcoin transaction graph to predict the price of bitcoin},
  author={Greaves, Alex and Au, Benjamin},
  year={2015}
}

@article{moser2013anonymity,
  title={Anonymity of bitcoin transactions},
  author={Moser, Malte},
  year={2013}
}

@article{wood2014ethereum,
  title={Ethereum: A secure decentralised generalised transaction ledger},
  author={Wood, Gavin and others},
  journal={Ethereum project yellow paper},
  volume={151},
  number={2014},
  pages={1--32},
  year={2014}
}

@inproceedings{luu2015demystifying,
  title={Demystifying incentives in the consensus computer},
  author={Luu, Loi and Teutsch, Jason and Kulkarni, Raghav and Saxena, Prateek},
  booktitle={Proceedings of the 22nd ACM SIGSAC Conference on Computer and Communications Security},
  pages={706--719},
  year={2015}
}

@inproceedings{luu2016making,
  title={Making smart contracts smarter},
  author={Luu, Loi and Chu, Duc-Hiep and Olickel, Hrishi and Saxena, Prateek and Hobor, Aquinas},
  booktitle={Proceedings of the 2016 ACM SIGSAC conference on computer and communications security},
  pages={254--269},
  year={2016}
}

@inproceedings{parizi2018smart,
  title={Smart contract programming languages on blockchains: an empirical evaluation of usability and security},
  author={Parizi, Reza M and Dehghantanha, Ali and others},
  booktitle={International Conference on Blockchain},
  pages={75--91},
  year={2018},
  organization={Springer}
}

@inproceedings{atzei2017survey,
  title={A survey of attacks on ethereum smart contracts (sok)},
  author={Atzei, Nicola and Bartoletti, Massimo and Cimoli, Tiziana},
  booktitle={International conference on principles of security and trust},
  pages={164--186},
  year={2017},
  organization={Springer}
}

@inproceedings{coblenz2019smarter,
  title={Smarter smart contract development tools},
  author={Coblenz, Michael and Sunshine, Joshua and Aldrich, Jonathan and Myers, Brad},
  booktitle={2019 IEEE/ACM 2nd International Workshop on Emerging Trends in Software Engineering for Blockchain (WETSEB)},
  pages={48--51},
  year={2019},
  organization={IEEE}
}

@article{ducasse2019open,
  title={Open-Source Tool Suite for Smart Contract Analysis},
  author={Ducasse, St{\'e}phane and Rocha, Henrique and Bragagnolo, Santiago and Denker, Marcus and Francomme, Cl{\'e}ment},
  journal={Blockchain and Web 3.0: Social, Economic, and Technological Challenges},
  year={2019},
  publisher={Routledge}
}

@inproceedings{jeng2019step,
  title={Step-by-Step Guidelines for Making Smart Contract Smarter},
  author={Jeng, Ya-wen and Hsieh, Yung-chen and Wu, Ja-Ling},
  booktitle={2019 IEEE 12th Conference on Service-Oriented Computing and Applications (SOCA)},
  pages={25--32},
  year={2019},
  organization={IEEE}
}

@inproceedings{bai2018formal,
  title={Formal modeling and verification of smart contracts},
  author={Bai, Xiaomin and Cheng, Zijing and Duan, Zhangbo and Hu, Kai},
  booktitle={Proceedings of the 2018 7th International Conference on Software and Computer Applications},
  pages={322--326},
  year={2018}
}

@inproceedings{tikhomirov2018smartcheck,
  title={Smartcheck: Static analysis of ethereum smart contracts},
  author={Tikhomirov, Sergei and Voskresenskaya, Ekaterina and Ivanitskiy, Ivan and Takhaviev, Ramil and Marchenko, Evgeny and Alexandrov, Yaroslav},
  booktitle={Proceedings of the 1st International Workshop on Emerging Trends in Software Engineering for Blockchain},
  pages={9--16},
  year={2018}
}

@article{santos2018dao,
  title={The DAO: a million dollar lesson in blockchain governance},
  author={Santos, Francisco and Kostakis, Vasileios},
  journal={School of Business and Governance, Ragnar Nurkse Department of Innovation and Governance},
  year={2018}
}

@article{herlihy2019blockchains,
  title={Blockchains from a distributed computing perspective},
  author={Herlihy, Maurice},
  journal={Communications of the ACM},
  volume={62},
  number={2},
  pages={78--85},
  year={2019},
  publisher={ACM New York, NY, USA}
}

@inproceedings{sergey2017concurrent,
  title={A concurrent perspective on smart contracts},
  author={Sergey, Ilya and Hobor, Aquinas},
  booktitle={International Conference on Financial Cryptography and Data Security},
  pages={478--493},
  year={2017},
  organization={Springer}
}

@article{dickerson2019adding,
  title={Adding concurrency to smart contracts},
  author={Dickerson, Thomas and Gazzillo, Paul and Herlihy, Maurice and Koskinen, Eric},
  journal={Distributed Computing},
  pages={1--17},
  year={2019},
  publisher={Springer}
}

@misc{reijsbergen2020exploiting,
    title={On Exploiting Transaction Concurrency To Speed Up Blockchains},
    author={Daniël Reijsbergen and Tien Tuan Anh Dinh},
    year={2020},
    eprint={2003.06128},
    archivePrefix={arXiv},
    primaryClass={cs.DC}
}

@article{saraph2019empirical,
  title={An empirical study of speculative concurrency in Ethereum smart contracts},
  author={Saraph, Vikram and Herlihy, Maurice},
  journal={arXiv preprint arXiv:1901.01376},
  year={2019}
}

@inproceedings{androulaki2018hyperledger,
  title={Hyperledger fabric: a distributed operating system for permissioned blockchains},
  author={Androulaki, Elli and Barger, Artem and Bortnikov, Vita and Cachin, Christian and Christidis, Konstantinos and De Caro, Angelo and Enyeart, David and Ferris, Christopher and Laventman, Gennady and Manevich, Yacov and others},
  booktitle={Proceedings of the thirteenth EuroSys conference},
  pages={1--15},
  year={2018}
}


@inproceedings{amiri2019parblockchain,
  title={Parblockchain: Leveraging transaction parallelism in permissioned blockchain systems},
  author={Amiri, Mohammad Javad and Agrawal, Divyakant and El Abbadi, Amr},
  booktitle={2019 IEEE 39th International Conference on Distributed Computing Systems (ICDCS)},
  pages={1337--1347},
  year={2019},
  organization={IEEE}
}

@inproceedings{gorenflo2020xox,
  title={XOX Fabric: A hybrid approach to blockchain transaction execution},
  author={Gorenflo, Christian and Golab, Lukasz and Keshav, Srinivasan},
  booktitle={2020 IEEE International Conference on Blockchain and Cryptocurrency (ICBC)},
  pages={1--9},
  year={2020},
  organization={IEEE}
}

@inproceedings{sharma2019blurring,
  title={Blurring the lines between blockchains and database systems: the case of hyperledger fabric},
  author={Sharma, Ankur and Schuhknecht, Felix Martin and Agrawal, Divya and Dittrich, Jens},
  booktitle={Proceedings of the 2019 International Conference on Management of Data},
  pages={105--122},
  year={2019}
}

@inproceedings{gervais2016security,
  title={On the security and performance of proof of work blockchains},
  author={Gervais, Arthur and Karame, Ghassan O and W{\"u}st, Karl and Glykantzis, Vasileios and Ritzdorf, Hubert and Capkun, Srdjan},
  booktitle={Proceedings of the 2016 ACM SIGSAC conference on computer and communications security},
  pages={3--16},
  year={2016}
}

@article{kiayias2015speed,
  title={Speed-Security Tradeoffs in Blockchain Protocols.},
  author={Kiayias, Aggelos and Panagiotakos, Giorgos},
  journal={IACR Cryptol. ePrint Arch.},
  volume={2015},
  pages={1019},
  year={2015},
  publisher={Citeseer}
}

@article{ren2019analysis,
  title={Analysis of Nakamoto Consensus.},
  author={Ren, Ling},
  journal={IACR Cryptol. ePrint Arch.},
  volume={2019},
  pages={943},
  year={2019}
}

@article{miller2014anonymous,
  title={Anonymous byzantine consensus from moderately-hard puzzles: A model for bitcoin},
  author={Miller, Andrew and LaViola Jr, Joseph J},
  journal={University of Central Florida Tech. Report CS-TR-14-01 (accessed 5 June 2019) https://socrates1024. s3. amazonaws. com/consensus. pdf},
  year={2014}
}

@inproceedings{garay2015bitcoin,
  title={The bitcoin backbone protocol: Analysis and applications},
  author={Garay, Juan and Kiayias, Aggelos and Leonardos, Nikos},
  booktitle={Annual International Conference on the Theory and Applications of Cryptographic Techniques},
  pages={281--310},
  year={2015},
  organization={Springer}
}

@inproceedings{eyal2014majority,
  title={Majority is not enough: Bitcoin mining is vulnerable},
  author={Eyal, Ittay and Sirer, Emin G{\"u}n},
  booktitle={International conference on financial cryptography and data security},
  pages={436--454},
  year={2014},
  organization={Springer}
}


@inproceedings{nayak2016stubborn,
  title={Stubborn mining: Generalizing selfish mining and combining with an eclipse attack},
  author={Nayak, Kartik and Kumar, Srijan and Miller, Andrew and Shi, Elaine},
  booktitle={2016 IEEE European Symposium on Security and Privacy (EuroS\&P)},
  pages={305--320},
  year={2016},
  organization={IEEE}
}

@article{courtois2014subversive,
  title={On subversive miner strategies and block withholding attack in bitcoin digital currency},
  author={Courtois, Nicolas T and Bahack, Lear},
  journal={arXiv preprint arXiv:1402.1718},
  year={2014}
}

@inproceedings{luu2015power,
  title={On power splitting games in distributed computation: The case of bitcoin pooled mining},
  author={Luu, Loi and Saha, Ratul and Parameshwaran, Inian and Saxena, Prateek and Hobor, Aquinas},
  booktitle={2015 IEEE 28th Computer Security Foundations Symposium},
  pages={397--411},
  year={2015},
  organization={IEEE}
}

@inproceedings{eyal2015miner,
  title={The miner's dilemma},
  author={Eyal, Ittay},
  booktitle={2015 IEEE Symposium on Security and Privacy},
  pages={89--103},
  year={2015},
  organization={IEEE}
}

@inproceedings{gervais2016security,
  title={On the security and performance of proof of work blockchains},
  author={Gervais, Arthur and Karame, Ghassan O and W{\"u}st, Karl and Glykantzis, Vasileios and Ritzdorf, Hubert and Capkun, Srdjan},
  booktitle={Proceedings of the 2016 ACM SIGSAC conference on computer and communications security},
  pages={3--16},
  year={2016}
}

@inproceedings{sapirshtein2016optimal,
  title={Optimal selfish mining strategies in bitcoin},
  author={Sapirshtein, Ayelet and Sompolinsky, Yonatan and Zohar, Aviv},
  booktitle={International Conference on Financial Cryptography and Data Security},
  pages={515--532},
  year={2016},
  organization={Springer}
}

@article{stoll2019carbon,
  title={The carbon footprint of bitcoin},
  author={Stoll, Christian and Klaa{\ss}en, Lena and Gallersd{\"o}rfer, Ulrich},
  journal={Joule},
  volume={3},
  number={7},
  pages={1647--1661},
  year={2019},
  publisher={Elsevier}
}

@article{king2012ppcoin,
  title={Ppcoin: Peer-to-peer crypto-currency with proof-of-stake},
  author={King, Sunny and Nadal, Scott},
  journal={self-published paper, August},
  volume={19},
  pages={1},
  year={2012}
}

@inproceedings{srivastava2018phantom,
  title={Phantom protocol as the new crypto-democracy},
  author={Srivastava, Gautam and Dwivedi, Ashutosh Dhar and Singh, Rajani},
  booktitle={IFIP International Conference on Computer Information Systems and Industrial Management},
  pages={499--509},
  year={2018},
  organization={Springer}
}

@article{li2018scaling,
  title={Scaling nakamoto consensus to thousands of transactions per second},
  author={Li, Chenxing and Li, Peilun and Zhou, Dong and Xu, Wei and Long, Fan and Yao, Andrew},
  journal={arXiv preprint arXiv:1805.03870},
  year={2018}
}

@inproceedings{kiayias2017trees,
  title={On trees, chains and fast transactions in the blockchain},
  author={Kiayias, Aggelos and Panagiotakos, Giorgos},
  booktitle={International Conference on Cryptology and Information Security in Latin America},
  pages={327--351},
  year={2017},
  organization={Springer}
}

@inproceedings{istvan2018streamchain,
  title={Streamchain: Do blockchains need blocks?},
  author={Istv{\'a}n, Zsolt and Sorniotti, Alessandro and Vukoli{\'c}, Marko},
  booktitle={Proceedings of the 2nd Workshop on Scalable and Resilient Infrastructures for Distributed Ledgers},
  pages={1--6},
  year={2018}
}

@inproceedings{sompolinsky2015secure,
  title={Secure high-rate transaction processing in bitcoin},
  author={Sompolinsky, Yonatan and Zohar, Aviv},
  booktitle={International Conference on Financial Cryptography and Data Security},
  pages={507--527},
  year={2015},
  organization={Springer}
}

@article{divya2018iota,
  title={IOTA-next generation block chain},
  author={Divya, M and Biradar, Nagaveni B},
  journal={International journal of engineering and computer science},
  volume={7},
  number={04},
  pages={23823--23826},
  year={2018}
}

@article{churyumov2016byteball,
  title={Byteball: A decentralized system for storage and transfer of value},
  author={Churyumov, Anton},
  journal={URL https://byteball. org/Byteball. pdf},
  year={2016}
}

@article{lemahieu2018nano,
  title={Nano: A feeless distributed cryptocurrency network},
  author={LeMahieu, Colin},
  journal={Nano [Online resource]. URL: https://nano. org/en/whitepaper (date of access: 24.03. 2018)},
  year={2018}
}

@article{saleh2020blockchain,
  title={Blockchain without waste: Proof-of-stake},
  author={Saleh, Fahad},
  journal={Available at SSRN 3183935},
  year={2020}
}

@inproceedings{kiayias2017ouroboros,
  title={Ouroboros: A provably secure proof-of-stake blockchain protocol},
  author={Kiayias, Aggelos and Russell, Alexander and David, Bernardo and Oliynykov, Roman},
  booktitle={Annual International Cryptology Conference},
  pages={357--388},
  year={2017},
  organization={Springer}
}

@inproceedings{david2018ouroboros,
  title={Ouroboros praos: An adaptively-secure, semi-synchronous proof-of-stake blockchain},
  author={David, Bernardo and Ga{\v{z}}i, Peter and Kiayias, Aggelos and Russell, Alexander},
  booktitle={Annual International Conference on the Theory and Applications of Cryptographic Techniques},
  pages={66--98},
  year={2018},
  organization={Springer}
}

@article{bentov2016snow,
  title={Snow White: Provably Secure Proofs of Stake.},
  author={Bentov, Iddo and Pass, Rafael and Shi, Elaine},
  journal={IACR Cryptol. ePrint Arch.},
  volume={2016},
  pages={919},
  year={2016}
}

@article{nguyen2019proof,
  title={Proof-of-stake consensus mechanisms for future blockchain networks: fundamentals, applications and opportunities},
  author={Nguyen, Cong T and Hoang, Dinh Thai and Nguyen, Diep N and Niyato, Dusit and Nguyen, Huynh Tuong and Dutkiewicz, Eryk},
  journal={IEEE Access},
  volume={7},
  pages={85727--85745},
  year={2019},
  publisher={IEEE}
}

@incollection{li2017securing,
  title={Securing proof-of-stake blockchain protocols},
  author={Li, Wenting and Andreina, S{\'e}bastien and Bohli, Jens-Matthias and Karame, Ghassan},
  booktitle={Data Privacy Management, Cryptocurrencies and Blockchain Technology},
  pages={297--315},
  year={2017},
  publisher={Springer}
}

@inproceedings{brown2019formal,
  title={Formal barriers to longest-chain proof-of-stake protocols},
  author={Brown-Cohen, Jonah and Narayanan, Arvind and Psomas, Alexandros and Weinberg, S Matthew},
  booktitle={Proceedings of the 2019 ACM Conference on Economics and Computation},
  pages={459--473},
  year={2019}
}

@inproceedings{chen2017security,
  title={On security analysis of proof-of-elapsed-time (poet)},
  author={Chen, Lin and Xu, Lei and Shah, Nolan and Gao, Zhimin and Lu, Yang and Shi, Weidong},
  booktitle={International Symposium on Stabilization, Safety, and Security of Distributed Systems},
  pages={282--297},
  year={2017},
  organization={Springer}
}

@article{king2013primecoin,
  title={Primecoin: Cryptocurrency with prime number proof-of-work},
  author={King, Sunny},
  journal={July 7th},
  volume={1},
  number={6},
  year={2013}
}

@inproceedings{shoker2017sustainable,
  title={Sustainable blockchain through proof of exercise},
  author={Shoker, Ali},
  booktitle={2017 IEEE 16th International Symposium on Network Computing and Applications (NCA)},
  pages={1--9},
  year={2017},
  organization={IEEE}
}

@inproceedings{miller2014permacoin,
  title={Permacoin: Repurposing bitcoin work for data preservation},
  author={Miller, Andrew and Juels, Ari and Shi, Elaine and Parno, Bryan and Katz, Jonathan},
  booktitle={2014 IEEE Symposium on Security and Privacy},
  pages={475--490},
  year={2014},
  organization={IEEE}
}

@article{cho2018asic,
  title={ASIC-resistance of multi-hash proof-of-work mechanisms for blockchain consensus protocols},
  author={Cho, Hyungmin},
  journal={IEEE Access},
  volume={6},
  pages={66210--66222},
  year={2018},
  publisher={IEEE}
}

@inproceedings{zamanov2018asic,
  title={ASIC-resistant hash functions},
  author={Zamanov, Ainur R and Erokhin, Vladimir A and Fedotov, Pavel S},
  booktitle={2018 IEEE Conference of Russian Young Researchers in Electrical and Electronic Engineering (EIConRus)},
  pages={394--396},
  year={2018},
  organization={IEEE}
}

@inproceedings{eyal2016bitcoin,
  title={Bitcoin-ng: A scalable blockchain protocol},
  author={Eyal, Ittay and Gencer, Adem Efe and Sirer, Emin G{\"u}n and Van Renesse, Robbert},
  booktitle={13th $\{$USENIX$\}$ symposium on networked systems design and implementation ($\{$NSDI$\}$ 16)},
  pages={45--59},
  year={2016}
}

@inproceedings{yu2020ohie,
  title={Ohie: Blockchain scaling made simple},
  author={Yu, Haifeng and Nikoli{\'c}, Ivica and Hou, Ruomu and Saxena, Prateek},
  booktitle={2020 IEEE Symposium on Security and Privacy (SP)},
  pages={90--105},
  year={2020},
  organization={IEEE}
}

@inproceedings{castro1999practical,
  title={Practical Byzantine fault tolerance},
  author={Castro, Miguel and Liskov, Barbara and others},
  booktitle={OSDI},
  volume={99},
  number={1999},
  pages={173--186},
  year={1999}
}

@article{castro2002practical,
  title={Practical Byzantine fault tolerance and proactive recovery},
  author={Castro, Miguel and Liskov, Barbara},
  journal={ACM Transactions on Computer Systems (TOCS)},
  volume={20},
  number={4},
  pages={398--461},
  year={2002},
  publisher={ACM New York, NY, USA}
}

@phdthesis{buchman2016tendermint,
  title={Tendermint: Byzantine fault tolerance in the age of blockchains},
  author={Buchman, Ethan},
  year={2016}
}

@inproceedings{amoussou2019dissecting,
  title={Dissecting tendermint},
  author={Amoussou-Guenou, Yackolley and Del Pozzo, Antonella and Potop-Butucaru, Maria and Tucci-Piergiovanni, Sara},
  booktitle={International Conference on Networked Systems},
  pages={166--182},
  year={2019},
  organization={Springer}
}

@inproceedings{yin2019hotstuff,
  title={Hotstuff: Bft consensus with linearity and responsiveness},
  author={Yin, Maofan and Malkhi, Dahlia and Reiter, Michael K and Gueta, Guy Golan and Abraham, Ittai},
  booktitle={Proceedings of the 2019 ACM Symposium on Principles of Distributed Computing},
  pages={347--356},
  year={2019}
}

@article{saltini2019correctness,
  title={Correctness analysis of IBFT},
  author={Saltini, Roberto and Hyland-Wood, David},
  journal={arXiv preprint arXiv:1901.07160},
  year={2019}
}

@inproceedings{kotla2007zyzzyva,
  title={Zyzzyva: speculative byzantine fault tolerance},
  author={Kotla, Ramakrishna and Alvisi, Lorenzo and Dahlin, Mike and Clement, Allen and Wong, Edmund},
  booktitle={Proceedings of twenty-first ACM SIGOPS symposium on Operating systems principles},
  pages={45--58},
  year={2007}
}

@article{martin2006fast,
  title={Fast byzantine consensus},
  author={Martin, J-P and Alvisi, Lorenzo},
  journal={IEEE Transactions on Dependable and Secure Computing},
  volume={3},
  number={3},
  pages={202--215},
  year={2006},
  publisher={IEEE}
}

@article{abraham2017revisiting,
  title={Revisiting fast practical byzantine fault tolerance},
  author={Abraham, Ittai and Gueta, Guy and Malkhi, Dahlia and Alvisi, Lorenzo and Kotla, Rama and Martin, Jean-Philippe},
  journal={arXiv preprint arXiv:1712.01367},
  year={2017}
}

@article{abraham2018revisiting,
  title={Revisiting fast practical byzantine fault tolerance: Thelma, velma, and zelma},
  author={Abraham, Ittai and Gueta, Guy and Malkhi, Dahlia and Martin, Jean-Philippe},
  journal={arXiv preprint arXiv:1801.10022},
  year={2018}
}

@inproceedings{gueta2019sbft,
  title={SBFT: a scalable and decentralized trust infrastructure},
  author={Gueta, Guy Golan and Abraham, Ittai and Grossman, Shelly and Malkhi, Dahlia and Pinkas, Benny and Reiter, Michael and Seredinschi, Dragos-Adrian and Tamir, Orr and Tomescu, Alin},
  booktitle={2019 49th Annual IEEE/IFIP international conference on dependable systems and networks (DSN)},
  pages={568--580},
  year={2019},
  organization={IEEE}
}

@inproceedings{liu2016xft,
  title={XFT: Practical fault tolerance beyond crashes},
  author={Liu, Shengyun and Viotti, Paolo and Cachin, Christian and Qu{\'e}ma, Vivien and Vukoli{\'c}, Marko},
  booktitle={12th USENIX Symposium on Operating Systems Design and Implementation (OSDI 16)},
  pages={485--500},
  year={2016}
}

@inproceedings{abraham2020sync,
  title={Sync HotStuff: simple and practical synchronous state machine replication},
  author={Abraham, Ittai and Malkhi, Dahlia and Nayak, Kartik and Ren, Ling and Yin, Maofan},
  booktitle={2020 IEEE Symposium on Security and Privacy (SP)},
  pages={106--118},
  year={2020},
  organization={IEEE}
}

@article{abraham2017efficient,
  title={Efficient synchronous byzantine consensus},
  author={Abraham, Ittai and Devadas, Srinivas and Dolev, Danny and Nayak, Kartik and Ren, Ling},
  journal={arXiv preprint arXiv:1704.02397},
  year={2017}
}


@inproceedings{miller2016honey,
  title={The honey badger of BFT protocols},
  author={Miller, Andrew and Xia, Yu and Croman, Kyle and Shi, Elaine and Song, Dawn},
  booktitle={Proceedings of the 2016 ACM SIGSAC Conference on Computer and Communications Security},
  pages={31--42},
  year={2016}
}

@inproceedings{duan2018beat,
  title={BEAT: Asynchronous BFT made practical},
  author={Duan, Sisi and Reiter, Michael K and Zhang, Haibin},
  booktitle={Proceedings of the 2018 ACM SIGSAC Conference on Computer and Communications Security},
  pages={2028--2041},
  year={2018}
}

@article{rocket2019scalable,
  title={Scalable and probabilistic leaderless bft consensus through metastability},
  author={Rocket, Team and Yin, Maofan and Sekniqi, Kevin and van Renesse, Robbert and Sirer, Emin G{\"u}n},
  journal={arXiv preprint arXiv:1906.08936},
  year={2019}
}

@article{fischer1985impossibility,
  title={Impossibility of distributed consensus with one faulty process},
  author={Fischer, Michael J and Lynch, Nancy A and Paterson, Michael S},
  journal={Journal of the ACM (JACM)},
  volume={32},
  number={2},
  pages={374--382},
  year={1985},
  publisher={ACM New York, NY, USA}
}

@inproceedings{miller2016honey,
  title={The honey badger of BFT protocols},
  author={Miller, Andrew and Xia, Yu and Croman, Kyle and Shi, Elaine and Song, Dawn},
  booktitle={Proceedings of the 2016 ACM SIGSAC Conference on Computer and Communications Security},
  pages={31--42},
  year={2016}
}

@inproceedings{duan2018beat,
  title={BEAT: Asynchronous BFT made practical},
  author={Duan, Sisi and Reiter, Michael K and Zhang, Haibin},
  booktitle={Proceedings of the 2018 ACM SIGSAC Conference on Computer and Communications Security},
  pages={2028--2041},
  year={2018}
}

@article{rocket2019scalable,
  title={Scalable and probabilistic leaderless bft consensus through metastability},
  author={Rocket, Team and Yin, Maofan and Sekniqi, Kevin and van Renesse, Robbert and Sirer, Emin G{\"u}n},
  journal={arXiv preprint arXiv:1906.08936},
  year={2019}
}


@inproceedings{malkhi2019flexible,
  title={Flexible byzantine fault tolerance},
  author={Malkhi, Dahlia and Nayak, Kartik and Ren, Ling},
  booktitle={Proceedings of the 2019 ACM SIGSAC Conference on Computer and Communications Security},
  pages={1041--1053},
  year={2019}
}

@article{martin2006fast,
  title={Fast byzantine consensus},
  author={Martin, J-P and Alvisi, Lorenzo},
  journal={IEEE Transactions on Dependable and Secure Computing},
  volume={3},
  number={3},
  pages={202--215},
  year={2006},
  publisher={IEEE}
}

@inproceedings{gilad2017algorand,
  title={Algorand: Scaling byzantine agreements for cryptocurrencies},
  author={Gilad, Yossi and Hemo, Rotem and Micali, Silvio and Vlachos, Georgios and Zeldovich, Nickolai},
  booktitle={Proceedings of the 26th Symposium on Operating Systems Principles},
  pages={51--68},
  year={2017}
}


@inproceedings{kokoris2018omniledger,
  title={Omniledger: A secure, scale-out, decentralized ledger via sharding},
  author={Kokoris-Kogias, Eleftherios and Jovanovic, Philipp and Gasser, Linus and Gailly, Nicolas and Syta, Ewa and Ford, Bryan},
  booktitle={2018 IEEE Symposium on Security and Privacy (SP)},
  pages={583--598},
  year={2018},
  organization={IEEE}
}

@inproceedings{decker2016bitcoin,
  title={Bitcoin meets strong consistency},
  author={Decker, Christian and Seidel, Jochen and Wattenhofer, Roger},
  booktitle={Proceedings of the 17th International Conference on Distributed Computing and Networking},
  pages={1--10},
  year={2016}
}


@inproceedings{kogias2016enhancing,
  title={Enhancing bitcoin security and performance with strong consistency via collective signing},
  author={Kogias, Eleftherios Kokoris and Jovanovic, Philipp and Gailly, Nicolas and Khoffi, Ismail and Gasser, Linus and Ford, Bryan},
  booktitle={25th usenix security symposium (usenix security 16)},
  pages={279--296},
  year={2016}
}


@inproceedings{zamani2018rapidchain,
  title={Rapidchain: Scaling blockchain via full sharding},
  author={Zamani, Mahdi and Movahedi, Mahnush and Raykova, Mariana},
  booktitle={Proceedings of the 2018 ACM SIGSAC Conference on Computer and Communications Security},
  pages={931--948},
  year={2018}
}


@inproceedings{luu2016secure,
  title={A secure sharding protocol for open blockchains},
  author={Luu, Loi and Narayanan, Viswesh and Zheng, Chaodong and Baweja, Kunal and Gilbert, Seth and Saxena, Prateek},
  booktitle={Proceedings of the 2016 ACM SIGSAC Conference on Computer and Communications Security},
  pages={17--30},
  year={2016}
}


@inproceedings{dang2019towards,
  title={Towards scaling blockchain systems via sharding},
  author={Dang, Hung and Dinh, Tien Tuan Anh and Loghin, Dumitrel and Chang, Ee-Chien and Lin, Qian and Ooi, Beng Chin},
  booktitle={Proceedings of the 2019 international conference on management of data},
  pages={123--140},
  year={2019}
}


@article{danezis2015centrally,
  title={Centrally banked cryptocurrencies},
  author={Danezis, George and Meiklejohn, Sarah},
  journal={arXiv preprint arXiv:1505.06895},
  year={2015}
}

@article{baudet2019state,
  title={State machine replication in the Libra Blockchain},
  author={Baudet, Mathieu and Ching, Avery and Chursin, Andrey and Danezis, George and Garillot, Fran{\c{c}}ois and Li, Zekun and Malkhi, Dahlia and Naor, Oded and Perelman, Dmitri and Sonnino, Alberto},
  journal={The Libra Assn., Tech. Rep},
  year={2019}
}

@article{xu2018eos,
  title={EOS: An architectural, performance, and economic analysis},
  author={Xu, Brent and Luthra, Dhruv and Cole, Zak and Blakely, Nate},
  journal={Retrieved June},
  volume={11},
  pages={2019},
  year={2018}
}


@article{al2017chainspace,
  title={Chainspace: A sharded smart contracts platform},
  author={Al-Bassam, Mustafa and Sonnino, Alberto and Bano, Shehar and Hrycyszyn, Dave and Danezis, George},
  journal={arXiv preprint arXiv:1708.03778},
  year={2017}
}
